@article{nathan_movement_2008,
	title = {A movement ecology paradigm for unifying organismal movement research},
	volume = {105},
	issn = {0027-8424, 1091-6490},
	url = {http://www.pnas.org/content/105/49/19052},
	doi = {10.1073/pnas.0800375105},
	language = {en},
	number = {49},
	urldate = {2017-12-18},
	journal = {Proceedings of the National Academy of Sciences},
	author = {Nathan, Ran and Getz, Wayne M. and Revilla, Eloy and Holyoak, Marcel and Kadmon, Ronen and Saltz, David and Smouse, Peter E.},
	month = dec,
	year = {2008},
	pmid = {19060196},
	keywords = {migration, dispersal, foraging, motion capacity, navigation capacity},
	pages = {19052--19059},
	file = {Full Text PDF:/Users/Alan/Zotero/storage/QNKPYXGB/Nathan et al. - 2008 - A movement ecology paradigm for unifying organisma.pdf:application/pdf;Snapshot:/Users/Alan/Zotero/storage/J9FICMT3/19052.html:text/html}
}

@article{kaluza_complex_2010,
	title = {The complex network of global cargo ship movements},
	volume = {7},
	copyright = {© 2010 The Royal Society},
	issn = {1742-5689, 1742-5662},
	url = {http://rsif.royalsocietypublishing.org/content/7/48/1093},
	doi = {10.1098/rsif.2009.0495},
	language = {en},
	number = {48},
	urldate = {2017-12-18},
	journal = {Journal of The Royal Society Interface},
	author = {Kaluza, Pablo and Kölzsch, Andrea and Gastner, Michael T. and Blasius, Bernd},
	month = jul,
	year = {2010},
	pmid = {20086053},
	pages = {1093--1103},
	file = {Full Text PDF:/Users/Alan/Zotero/storage/I5H44EVT/Kaluza et al. - 2010 - The complex network of global cargo ship movements.pdf:application/pdf;Snapshot:/Users/Alan/Zotero/storage/FE4G93KD/1093.html:text/html}
}

@article{kareiva_analyzing_1983,
	title = {Analyzing insect movement as a correlated random walk},
	volume = {56},
	doi = {10.1007/BF00379695},
	number = {2-3},
	author = {Kareiva, Peter and Shigesada, Nanako},
	month = feb,
	year = {1983},
	pages = {234--238},
	file = {Kareiva and Shigesada - 1983 - Analyzing insect movement as a correlated random w.pdf:/Users/Alan/Zotero/storage/XUNDIL6N/Kareiva and Shigesada - 1983 - Analyzing insect movement as a correlated random w.pdf:application/pdf;Snapshot:/Users/Alan/Zotero/storage/FQ6GBFBB/10.html:text/html}
}

@article{fritz_scaledependent_2003,
	title = {Scale–dependent hierarchical adjustments of movement patterns in a long–range foraging seabird},
	volume = {270},
	issn = {0962-8452, 1471-2954},
	url = {http://rspb.royalsocietypublishing.org/content/270/1520/1143},
	doi = {10.1098/rspb.2003.2350},
	language = {en},
	number = {1520},
	urldate = {2017-12-18},
	journal = {Proceedings of the Royal Society of London B: Biological Sciences},
	author = {Fritz, H. and Said, S. and Weimerskirch, H.},
	month = jun,
	year = {2003},
	pmid = {12816652},
	pages = {1143--1148},
	file = {12816652.pdf:/Users/Alan/Zotero/storage/MCAGYXWP/12816652.pdf:application/pdf;Snapshot:/Users/Alan/Zotero/storage/T6CVFM2Y/1143.html:text/html}
}

@article{tao_analytics_2017,
	title = {Analytics of movement through checkpoints},
	volume = {32},
	issn = {1365-8816},
	url = {https://doi.org/10.1080/13658816.2017.1397675},
	doi = {10.1080/13658816.2017.1397675},
	number = {7},
	urldate = {2017-12-18},
	journal = {International Journal of Geographical Information Science},
	author = {Tao, Yaguang and Both, Alan and Duckham, Matt},
	month = nov,
	year = {2017},
	keywords = {context awareness, data modeling, imprecision, movement analytics, movement classification, Spatial checkpoint},
	pages = {1282--1303},
	file = {Full Text PDF:/Users/Alan/Zotero/storage/ZCGZ3XK3/Tao et al. - 2017 - Analytics of movement through checkpoints.pdf:application/pdf;Snapshot:/Users/Alan/Zotero/storage/JY846PDN/13658816.2017.html:text/html}
}

@article{gonzalez_understanding_2008,
	title = {Understanding individual human mobility patterns},
	volume = {453},
	copyright = {2008 Nature Publishing Group},
	issn = {1476-4687},
	url = {https://www.nature.com/articles/nature06958},
	doi = {10.1038/nature06958},
	language = {En},
	number = {7196},
	urldate = {2017-12-18},
	journal = {Nature},
	author = {González, Marta C. and Hidalgo, César A. and Barabási, Albert-László},
	month = jun,
	year = {2008},
	pages = {779},
	file = {0806.1256.pdf:/Users/Alan/Zotero/storage/2UD6ILZW/0806.1256.pdf:application/pdf;Snapshot:/Users/Alan/Zotero/storage/42SRFNIL/nature06958.html:text/html}
}

@article{dodge_movement_2012,
	title = {Movement similarity assessment using symbolic representation of trajectories},
	volume = {26},
	issn = {1365-8816},
	url = {https://doi.org/10.1080/13658816.2011.630003},
	doi = {10.1080/13658816.2011.630003},
	number = {9},
	urldate = {2017-12-18},
	journal = {International Journal of Geographical Information Science},
	author = {Dodge, Somayeh and Laube, Patrick and Weibel, Robert},
	month = sep,
	year = {2012},
	keywords = {trajectory clustering, movement parameter, movement patterns, Movement similarity, trajectory segmentation},
	pages = {1563--1588},
	file = {Full Text PDF:/Users/Alan/Zotero/storage/XNS6QJRL/Dodge et al. - 2012 - Movement similarity assessment using symbolic repr.pdf:application/pdf;Snapshot:/Users/Alan/Zotero/storage/63RUIZ9J/13658816.2011.html:text/html}
}

@article{andersson_reporting_2008,
	title = {Reporting {Leaders} and {Followers} among {Trajectories} of {Moving} {Point} {Objects}},
	volume = {12},
	issn = {1384-6175, 1573-7624},
	url = {https://link.springer.com/article/10.1007/s10707-007-0037-9},
	doi = {10.1007/s10707-007-0037-9},
	language = {en},
	number = {4},
	urldate = {2017-12-18},
	journal = {GeoInformatica},
	author = {Andersson, Mattias and Gudmundsson, Joachim and Laube, Patrick and Wolle, Thomas},
	month = dec,
	year = {2008},
	pages = {497--528},
	file = {Full Text PDF:/Users/Alan/Zotero/storage/P2B6QVK4/Andersson et al. - 2008 - Reporting Leaders and Followers among Trajectories.pdf:application/pdf;Snapshot:/Users/Alan/Zotero/storage/Z6YZB92X/s10707-007-0037-9.html:text/html}
}

@inproceedings{gunopulos2012similarity,
  title={Similarity in (spatial, temporal and) spatio-temporal datasets},
  author={Gunopulos, Dimitrios and Trajcevski, Goce},
  booktitle={Proceedings of the 15th International Conference on Extending Database Technology},
  pages={554--557},
  year={2012},
  organization={ACM}
}

@incollection{kotsakos2013time,
  title={Time-Series Data Clustering},
  author={Kotsakos, Dimitrios and Trajcevski, Goce and Gunopulos, Dimitrios and Aggarwal, Charu C},
  booktitle={Data Clustering},
  pages={357--380},
  year={2013},
  publisher={Chapman and Hall/CRC}
}

@article{konzack2017visual,
  title={Visual analytics of delays and interaction in movement data},
  author={Konzack, Maximilian and McKetterick, Thomas and Ophelders, Tim and Buchin, Maike and Giuggioli, Luca and Long, Jed and Nelson, Trisalyn and Westenberg, Michel A and Buchin, Kevin},
  journal={International Journal of Geographical Information Science},
  volume={31},
  number={2},
  pages={320--345},
  year={2017},
  publisher={Taylor \& Francis}
}

@article{werner2018acm,
  title={{ACM SIGSPATIAL GIS Cup 2017}: range queries under {F}r{\'e}chet distance},
  author={Werner, Martin and Oliver, Dev},
  journal={SIGSPATIAL Special},
  volume={10},
  number={1},
  pages={24--27},
  year={2018},
  publisher={ACM}
}
@inproceedings{bringmann2019walking,
  title={Walking the Dog Fast in Practice: Algorithm Engineering of the {F}r\'echet Distance},
  author={Bringmann, Karl and K{\"u}nnemann, Marvin and Nusser, Andr{\'e}},
  booktitle = {Proc.\ 35rd International Symposium on Computational Geometry },
  note={arXiv preprint arXiv:1901.01504},
  year={2019}
}

@article{horne_analyzing_2007,
	title = {Analyzing {Animal} {Movements} {Using} {Brownian} {Bridges}},
	volume = {88},
	issn = {1939-9170},
	url = {http://onlinelibrary.wiley.com/doi/10.1890/06-0957.1/abstract},
	doi = {10.1890/06-0957.1},
	language = {en},
	number = {9},
	urldate = {2017-12-18},
	journal = {Ecology},
	author = {Horne, Jon S. and Garton, Edward O. and Krone, Stephen M. and Lewis, Jesse S.},
	month = sep,
	year = {2007},
	keywords = {Brownian bridge, home range, migration, random walk, resource selection, road crossings, stochastic process, utilization distribution},
	pages = {2354--2363},
	file = {Full Text PDF:/Users/Alan/Zotero/storage/3LPPK9JS/Horne et al. - 2007 - Analyzing Animal Movements Using Brownian Bridges.pdf:application/pdf;Snapshot:/Users/Alan/Zotero/storage/SJ8CMERR/abstract.html:text/html}
}

@article{liu_understanding_2012,
	title = {Understanding intra-urban trip patterns from taxi trajectory data},
	volume = {14},
	issn = {1435-5930, 1435-5949},
	url = {https://link.springer.com/article/10.1007/s10109-012-0166-z},
	doi = {10.1007/s10109-012-0166-z},
	language = {en},
	number = {4},
	urldate = {2017-12-18},
	journal = {Journal of Geographical Systems},
	author = {Liu, Yu and Kang, Chaogui and Gao, Song and Xiao, Yu and Tian, Yuan},
	month = oct,
	year = {2012},
	pages = {463--483},
	file = {Full Text PDF:/Users/Alan/Zotero/storage/J6GI5ISD/Liu et al. - 2012 - Understanding intra-urban trip patterns from taxi .pdf:application/pdf;Snapshot:/Users/Alan/Zotero/storage/3L4ZKN4Q/s10109-012-0166-z.html:text/html}
}

@article{shamoun2012sensor,
  title={From sensor data to animal behaviour: an oystercatcher example},
  author={Shamoun-Baranes, Judy and Bom, Roeland and van Loon, E Emiel and Ens, Bruno J and Oosterbeek, Kees and Bouten, Willem},
  journal={PloS one},
  volume={7},
  number={5},
  pages={e37997},
  year={2012},
  publisher={Public Library of Science}
}

@article{nanni2006time,
  title={Time-focused clustering of trajectories of moving objects},
  author={Nanni, Mirco and Pedreschi, Dino},
  journal={Journal of Intelligent Information Systems},
  volume={27},
  number={3},
  pages={267--289},
  year={2006},
  publisher={Springer}
}

@misc{DublinBus,
  author = "{Dublin City Council}",
  title = {Dublin Bus GPS sample data from Dublin city Council (Insight Project)},
  publisher = {SmartDublin},
  year = {2013},
  url = {https://data.smartdublin.ie/dataset/dublin-bus-gps-sample-data-from-dublin-city-council-insight-project}
}

@inproceedings{VlachosGK02,
  author    = {Michail Vlachos and
               Dimitrios Gunopulos and
               George Kollios},
  title     = {Discovering Similar Multidimensional Trajectories},
  booktitle = {Proc.~18th International Conference on Data Engineering,
               San Jose, CA, USA, February 26 - March 1, 2002},
  pages     = {673--684},
  year      = {2002},
  crossref  = {DBLP:conf/icde/2002},
  url       = {http://dx.doi.org/10.1109/ICDE.2002.994784},
  doi       = {10.1109/ICDE.2002.994784},
  timestamp = {Sat, 09 Aug 2014 14:37:17 +0200},
  biburl    = {http://dblp.uni-trier.de/rec/bib/conf/icde/VlachosGK02},
  bibsource = {dblp computer science bibliography, http://dblp.org}
}

@article{keogh2005exact,
  title={Exact indexing of dynamic time warping},
  author={Keogh, Eamonn and Ratanamahatana, Chotirat Ann},
  journal={Knowledge and information systems},
  volume={7},
  number={3},
  pages={358--386},
  year={2005},
  publisher={Springer}
}

@PHDTHESIS{b-cfdts-07,
  AUTHOR =       {Maike Buchin},
  TITLE =        {On the Computability of the {F}r{\'e}chet Distance Between Triangulated Surfaces},
  SCHOOL =       {Free University Berlin, Institute of Computer Science},
  YEAR =         {2007},
}

@article{efrat2007curve,
  title={Curve matching, time warping, and light fields: New algorithms for computing similarity between curves},
  author={Efrat, Alon and Fan, Quanfu and Venkatasubramanian, Suresh},
  journal={Journal of Mathematical Imaging and Vision},
  volume={27},
  number={3},
  pages={203--216},
  year={2007},
  publisher={Springer}
}

@inproceedings{bbw-09,
  author = {Kevin Buchin and Maike Buchin and Yusu Wang},
  title = {Exact Algorithm for Partial Curve Matching via the {F}r\'echet Distance},
  booktitle = {Proc.~ACM-SIAM Symposium on Discrete Algorithms (SODA09)},
  year =   {2009},
  pages = {645--654},
  }

@inproceedings{bbmm-fswd-14,
  author    = {Kevin Buchin and
               Maike Buchin and
               Wouter Meulemans and
               Wolfgang Mulzer},
  title     = {Four {S}oviets Walk the Dog - with an Application to {A}lt's
               Conjecture},
  booktitle = {Proc.~25th Annual ACM-SIAM Symposium on Discrete Algorithms},
  year      = 2014,
  pages = {1399--1413},
  publisher = {SIAM},
}


@article{AgarwalBAKaSh12,
  title={Computing the discrete Fr{\'e}chet distance in subquadratic time},
  author={Agarwal, Pankaj K and Avraham, Rinat Ben and Kaplan, Haim and Sharir, Micha},
  journal={SIAM Journal on Computing},
  volume={43},
  number={2},
  pages={429--449},
  year={2014},
  publisher={SIAM}
}

@article{Masek198018,
title = "A faster algorithm computing string edit distances ",
journal = "Journal of Computer and System Sciences ",
volume = "20",
number = "1",
pages = "18 - 31",
year = "1980",
note = "",
issn = "0022-0000",
doi = "http://dx.doi.org/10.1016/0022-0000(80)90002-1",
url = "http://www.sciencedirect.com/science/article/pii/0022000080900021",
author = "William J. Masek and Michael S. Paterson"
}


@article{as-sm-12,
  title={Shape matching by random sampling},
  author={Alt, Helmut and Scharf, Ludmila},
  journal={Theoretical Computer Science},
  volume={442},
  pages={2--12},
  year={2012},
  publisher={Elsevier}
}

@proceedings{DBLP:conf/icde/2002,
  editor    = {Rakesh Agrawal and
               Klaus R. Dittrich},
  title     = {Proceedings of the 18th International Conference on Data Engineering,
               San Jose, CA, USA, February 26 - March 1, 2002},
  publisher = {{IEEE} Computer Society},
  year      = {2002},
  isbn      = {0-7695-1531-2},
  timestamp = {Tue, 24 Jan 2012 13:35:47 +0100},
  biburl    = {http://dblp.uni-trier.de/rec/bib/conf/icde/2002},
  bibsource = {dblp computer science bibliography, http://dblp.org}
}

@inproceedings{ChenOO05,
  author    = {Lei Chen and
               M. Tamer {\"{O}}zsu and
               Vincent Oria},
  title     = {Robust and Fast Similarity Search for Moving Object Trajectories},
  booktitle = {Proc.~{ACM} {SIGMOD} International Conference on Management
               of Data},
  pages     = {491--502},
  year      = {2005},
  url       = {http://doi.acm.org/10.1145/1066157.1066213},
  doi       = {10.1145/1066157.1066213},
  timestamp = {Mon, 17 Jul 2006 07:54:18 +0200},
  biburl    = {http://dblp.uni-trier.de/rec/bib/conf/sigmod/ChenOO05},
  bibsource = {dblp computer science bibliography, http://dblp.org}
}   crossref  = {DBLP:conf/sigmod/2005},

@inproceedings{NgC04,
  author    = {Yuhan Cai and
               Raymond T. Ng},
  title     = {Indexing Spatio-Temporal Trajectories with Chebyshev Polynomials},
  booktitle = {Proc.~{ACM} {SIGMOD} International Conference on Management
               of Data},
  pages     = {599--610},
  year      = {2004},
  crossref  = {DBLP:conf/sigmod/2004},
  url       = {http://doi.acm.org/10.1145/1007568.1007636},
  doi       = {10.1145/1007568.1007636},
  timestamp = {Fri, 31 Mar 2006 09:13:42 +0200},
  biburl    = {http://dblp.uni-trier.de/rec/bib/conf/sigmod/NgC04},
  bibsource = {dblp computer science bibliography, http://dblp.org}
}
@proceedings{DBLP:conf/sigmod/2004,
  editor    = {Gerhard Weikum and
               Arnd Christian K{\"{o}}nig and
               Stefan De{\ss}loch},
  title     = {Proceedings of the {ACM} {SIGMOD} International Conference on Management
               of Data, Paris, France, June 13-18, 2004},
  publisher = {{ACM}},
  year      = {2004},
  isbn      = {1-58113-859-8},
  timestamp = {Mon, 21 Feb 2005 10:58:38 +0100},
  biburl    = {http://dblp.uni-trier.de/rec/bib/conf/sigmod/2004},
  bibsource = {dblp computer science bibliography, http://dblp.org}
}

@INPROCEEDINGS{BerndtC94,
  author = {Berndt, Donald J. and Clifford, James},
  title = {{Using Dynamic Time Warping to Find Patterns in Time Series}},
  booktitle = {KDD Workshop},
  year = {1994},
  pages = {359--370},
  citeulike-article-id = {7234780},
  keywords = {dtw, fondamental\_paper, similarity},
  posted-at = {2010-06-02 08:14:27},
  priority = {2}
}

@TECHREPORT{Wien94computingdiscrete,
    author = {Eiter, Thomas and Mannila, Heikki},
    title = {Computing discrete Fréchet distance},
    institution = {Technische Universit{\"a}t Wien},
    year = {1994}
}

@article{ag-cfd-95,
author = {Alt, Helmut and Godau, Michael},
title = {COMPUTING THE {F}R\'ECHET DISTANCE BETWEEN TWO POLYGONAL CURVES},
journal = {International Journal of Computational Geometry \& Applications},
volume = {05},
number = {01n02},
pages = {75-91},
year = {1995},
doi = {10.1142/S0218195995000064}
}



@inproceedings{DBLP:conf/gis/BuchinP13,
  author    = {Maike Buchin and
               Ross S. Purves},
  editor    = {Craig A. Knoblock and
               Markus Schneider and
               Peer Kr{\"{o}}ger and
               John Krumm and
               Peter Widmayer},
  title     = {Computing similarity of coarse and irregular trajectories using space-time
               prisms},
  booktitle = {21st {SIGSPATIAL} International Conference on Advances in Geographic
               Information Systems},
  pages     = {446--449},
  publisher = {{ACM}},
  year      = {2013},
  url       = {http://doi.acm.org/10.1145/2525314.2525459},
  doi       = {10.1145/2525314.2525459},
  timestamp = {Sun, 19 Jan 2014 18:39:58 +0100},
  biburl    = {http://dblp.uni-trier.de/rec/bib/conf/gis/BuchinP13},
  bibsource = {dblp computer science bibliography, http://dblp.org}
}

@book{DBLP:series/sbcs/Laube14,
  author    = {Patrick Laube},
  title     = {Computational Movement Analysis},
  series    = {Springer Briefs in Computer Science},
  publisher = {Springer},
  year      = {2014},
  url       = {http://dx.doi.org/10.1007/978-3-319-10268-9},
  doi       = {10.1007/978-3-319-10268-9},
  isbn      = {978-3-319-10267-2},
  timestamp = {Thu, 04 Sep 2014 13:02:35 +0200},
  biburl    = {http://dblp.uni-trier.de/rec/bib/series/sbcs/Laube14},
  bibsource = {dblp computer science bibliography, http://dblp.org}
}

@article{DBLP:journals/comgeo/BuchinBKL11,
  author    = {Kevin Buchin and
               Maike Buchin and
               Marc J. van Kreveld and
               Jun Luo},
  title     = {Finding long and similar parts of trajectories},
  journal   = {Comput. Geom.},
  volume    = {44},
  number    = {9},
  pages     = {465--476},
  year      = {2011},
  url       = {http://dx.doi.org/10.1016/j.comgeo.2011.05.004},
  doi       = {10.1016/j.comgeo.2011.05.004},
  timestamp = {Mon, 20 Jun 2011 12:13:37 +0200},
  biburl    = {http://dblp.uni-trier.de/rec/bib/journals/comgeo/BuchinBKL11},
  bibsource = {dblp computer science bibliography, http://dblp.org}
}

@article{DBLP:journals/gis/DodgeLW12,
  author    = {Somayeh Dodge and
               Patrick Laube and
               Robert Weibel},
  title     = {Movement similarity assessment using symbolic representation of trajectories},
  journal   = {International Journal of Geographical Information Science},
  volume    = {26},
  number    = {9},
  pages     = {1563--1588},
  year      = {2012},
  url       = {http://dx.doi.org/10.1080/13658816.2011.630003},
  doi       = {10.1080/13658816.2011.630003},
  timestamp = {Fri, 19 Oct 2012 11:09:45 +0200},
  biburl    = {http://dblp.uni-trier.de/rec/bib/journals/gis/DodgeLW12},
  bibsource = {dblp computer science bibliography, http://dblp.org}
}

@inproceedings{DBLP:conf/time/PelekisKMNAT07,
  author    = {Nikos Pelekis and
               Ioannis Kopanakis and
               Gerasimos Marketos and
               Irene Ntoutsi and
               Gennady L. Andrienko and
               Yannis Theodoridis},
  title     = {Similarity Search in Trajectory Databases},
  booktitle = {Proc.~14th International Symposium on Temporal Representation and Reasoning
               {(TIME} 2007)},
  pages     = {129--140},
  year      = {2007},
  url       = {http://dx.doi.org/10.1109/TIME.2007.59},
  doi       = {10.1109/TIME.2007.59},
  timestamp = {Thu, 08 Jan 2015 16:59:45 +0100},
  biburl    = {http://dblp.uni-trier.de/rec/bib/conf/time/PelekisKMNAT07},
  bibsource = {dblp computer science bibliography, http://dblp.org}
}   crossref  = {DBLP:conf/time/2007},

@article{demvsar2015analysis,
  title={Analysis and visualisation of movement: an interdisciplinary review},
  author={Dem{\v{s}}ar, Ur{\v{s}}ka and Buchin, Kevin and Cagnacci, Francesca and Safi, Kamran and Speckmann, Bettina and Van de Weghe, Nico and Weiskopf, Daniel and Weibel, Robert},
  journal={Movement ecology},
  volume={3},
  number={1},
  pages={1},
  year={2015},
  publisher={BioMed Central}
}

@article{DBLP:journals/tits/ZhangWWLXC11,
  author    = {Junping Zhang and
               Fei{-}Yue Wang and
               Kunfeng Wang and
               Wei{-}Hua Lin and
               Xin Xu and
               Cheng Chen},
  title     = {Data-Driven Intelligent Transportation Systems: {A} Survey},
  journal   = {{IEEE} Transactions on Intelligent Transportation Systems},
  volume    = {12},
  number    = {4},
  pages     = {1624--1639},
  year      = {2011},
  url       = {http://dx.doi.org/10.1109/TITS.2011.2158001},
  doi       = {10.1109/TITS.2011.2158001},
  timestamp = {Wed, 09 Mar 2016 15:29:26 +0100},
  biburl    = {http://dblp.uni-trier.de/rec/bib/journals/tits/ZhangWWLXC11},
  bibsource = {dblp computer science bibliography, http://dblp.org}
}

@inproceedings{wang2013effectiveness,
  title={An effectiveness study on trajectory similarity measures},
  author={Wang, Haozhou and Su, Han and Zheng, Kai and Sadiq, Shazia and Zhou, Xiaofang},
  booktitle={Proc.~24th Australasian Database Conference},
  pages={13--22},
  volume={137},
  year={2013},
  organization={Australian Computer Society, Inc.}
}

@article{DBLP:journals/datamine/WangMDTSK13,
  author    = {Xiaoyue Wang and
               Abdullah Mueen and
               Hui Ding and
               Goce Trajcevski and
               Peter Scheuermann and
               Eamonn J. Keogh},
  title     = {Experimental comparison of representation methods and distance measures
               for time series data},
  journal   = {Data Min. Knowl. Discov.},
  volume    = {26},
  number    = {2},
  pages     = {275--309},
  year      = {2013},
  url       = {http://dx.doi.org/10.1007/s10618-012-0250-5},
  doi       = {10.1007/s10618-012-0250-5},
  timestamp = {Fri, 11 Jan 2013 11:23:04 +0100},
  biburl    = {http://dblp.uni-trier.de/rec/bib/journals/datamine/WangMDTSK13},
  bibsource = {dblp computer science bibliography, http://dblp.org}
}

@inproceedings{DBLP:conf/icpr/ZhangHT06,
  author    = {Zhang Zhang and
               Kaiqi Huang and
               Tieniu Tan},
  title     = {Comparison of Similarity Measures for Trajectory Clustering in Outdoor
               Surveillance Scenes},
  booktitle = {Proc.~18th International Conference on Pattern Recognition {(ICPR)}},
  pages     = {1135--1138},
  year      = {2006},
  url       = {http://dx.doi.org/10.1109/ICPR.2006.392},
  doi       = {10.1109/ICPR.2006.392},
  timestamp = {Mon, 06 Oct 2014 17:41:32 +0200},
  biburl    = {http://dblp.uni-trier.de/rec/bib/conf/icpr/ZhangHT06},
  bibsource = {dblp computer science bibliography, http://dblp.org}
} crossref  = {DBLP:conf/icpr/2006},

@article{DBLP:journals/tip/BashirKS07,
  author    = {Faisal I. Bashir and
               Ashfaq A. Khokhar and
               Dan Schonfeld},
  title     = {Object Trajectory-Based Activity Classification and Recognition Using
               Hidden Markov Models},
  journal   = {{IEEE} Trans. Image Processing},
  volume    = {16},
  number    = {7},
  pages     = {1912--1919},
  year      = {2007},
  url       = {http://dx.doi.org/10.1109/TIP.2007.898960},
  doi       = {10.1109/TIP.2007.898960},
  timestamp = {Wed, 09 Mar 2016 14:46:46 +0100},
  biburl    = {http://dblp.uni-trier.de/rec/bib/journals/tip/BashirKS07},
  bibsource = {dblp computer science bibliography, http://dblp.org}
}

@article{DBLP:journals/algorithmica/BuchinBKLSWW13,
  author    = {Kevin Buchin and
               Maike Buchin and
               Marc J. van Kreveld and
               Maarten L{\"{o}}ffler and
               Rodrigo I. Silveira and
               Carola Wenk and
               Lionov Wiratma},
  title     = {Median Trajectories},
  journal   = {Algorithmica},
  volume    = {66},
  number    = {3},
  pages     = {595--614},
  year      = {2013},
  url       = {http://dx.doi.org/10.1007/s00453-012-9654-2},
  doi       = {10.1007/s00453-012-9654-2},
  timestamp = {Thu, 25 Apr 2013 13:53:17 +0200},
  biburl    = {http://dblp.uni-trier.de/rec/bib/journals/algorithmica/BuchinBKLSWW13},
  bibsource = {dblp computer science bibliography, http://dblp.org}
}

@inproceedings{magdy2015review,
  title={Review on trajectory similarity measures},
  author={Magdy, Nehal and Sakr, Mahmoud A and Mostafa, Tamer and El-Bahnasy, Khaled},
  booktitle={Proc.~7th IEEE International Conference Intelligent Computing and Information Systems (ICICIS)},
  pages={613--619},
  year={2015},
  organization={IEEE}
}

@inproceedings{zuo2019your,
  title={Your Eyes Say You’re Lying: An Eye Movement Pattern Analysis for Face Familiarity and Deceptive Cognition},
  author={Zuo, Jiaxu and Gedeon, Tom and Qin, Zhenyue},
  booktitle={Proc.~International Joint Conference on Neural Networks (IJCNN)},
  pages={1--8},
  year={2019},
  organization={IEEE}
}

@article{arslan2019semantic,
  title={Semantic trajectory insights for worker safety in dynamic environments},
  author={Arslan, Muhammad and Cruz, Christophe and Ginhac, Dominique},
  journal={Automation in Construction},
  volume={106},
  pages={102854},
  year={2019},
  publisher={Elsevier}
}

@inproceedings{varlamis2019network,
  title={A Network Abstraction of Multi-vessel Trajectory Data for Detecting Anomalies.},
  author={Varlamis, Iraklis and Tserpes, Konstantinos and Etemad, Mohammad and J{\'u}nior, Am{\'\i}lcar Soares and Matwin, Stan},
  booktitle={Proc.~EDBT/ICDT Workshops},
  volume={2019},
  year={2019}
}

@inproceedings{zhang2019deep,
  title={Deep Trajectory Similarity Model: A fast method for trajectory similarity computation},
  author={Zhang, Ruobing and Guo, Jiayi and Hu, Jianming and Pei, Xin},
  booktitle={Proc.~International Conference on Transportation and Development},
  editor={David A. Noyce},
  year={2019}
}

@article{gong2019extracting,
  title={Extracting activity patterns from taxi trajectory data: a two-layer framework using spatio-temporal clustering, Bayesian probability and Monte Carlo simulation},
  author={Gong, Shuhui and Cartlidge, John and Bai, Ruibin and Yue, Yang and Li, Qingquan and Qiu, Guoping},
  journal={International Journal of Geographical Information Science},
  pages={1--25},
  year={2019},
  publisher={Taylor \& Francis}
}

@article{petry2019towards,
  title={Towards semantic-aware multiple-aspect trajectory similarity measuring},
  author={Petry, Lucas May and Ferrero, Carlos Andres and Alvares, Luis Otavio and Renso, Chiara and Bogorny, Vania},
  journal={Transactions in GIS},
  volume={23},
  number={5},
  pages={960--975},
  year={2019},
  publisher={Wiley Online Library}
}
% homebrowsesearchabout


